@book{galilei,
  title = {{Discursos e demonstrações matemáticas acerca de duas novas ciências}},
  author = {Galileu Galilei},
}


@book{newton,
  title = {{Philosophiae Naturalis Principia Mathematica}},
  author = {Isaac Newton},
}
